@article{
ADMIN:Auswirkungen,
author="Serge Gaillard",
title="{Auswirkungen der Personenfreizügigkeit auf den Schweizer Arbeitsmarkt}",
journal={Die Volkswirtschaft},
year=2011,
month=jun,
pages="43-46"
}

@article{
ADMIN:PF,
title="{Personenfreizügigkeit}",
author="{Integrationsbüro EDA/EVD}",
month=may,
year=2007
}

@article{
ADMIN:Bericht,
title="{7. Bericht des Observatoriums zum Freizügigkeits-abkommen Schweiz-EU}",
author="{Staatssekretariat für Wirtschaft (SECO)}",
month=may,
year=2011
}

@online{
SVP:Wahlplattform11,
title={Wahlplattform 2011},
author="{SVP Schweiz}",
month=may,
year={2011},
url={http://www.svp.ch/g3.cms/s_page/83490/s_name/wahlen}
}

@article{
BASS:Arbeitskraeftemangel,
title={Arbeitskräftemangel 2010-2030},
author="{Büro für arbeits- und sozialpolitische Studien}",
month=may,
year=2011,
url={http://www.travailsuisse.ch/de/system/files/RapportBASS_d.pdf}
}

